@misc{BibTeXen34:online,
  author       = {},
  title        = {BibTeX entry from URL - Chrome ウェブストア},
  howpublished = {\url{https://chrome.google.com/webstore/detail/bibtex-entry-from-url/mgpmgkhhbjgkpnanlmlhibjfgpdpgjec?hl=ja}},
  month        = {},
  year         = {},
  note         = {(Accessed on 07/24/2021)}
}